@book{koza92,
		author    = "Koza, John R.",
		title     = "Genetic Programming: On the Programming of Computers by Means of Natural Selection",
		publisher = "MIT Press",
		year      = "1992"
}


@misc{ wiki:latex,
       author = "Wikipedia",
       title = "LaTeX --- Wikipedia{,} La enciclopedia libre",
       year = "2015",
       url = "https://es.wikipedia.org/w/index.php?title=LaTeX&oldid=84209252",
       note = "\url{https://es.wikipedia.org/w/index.php?title=LaTeX&oldid=84209252}. [Internet]"
}

@misc{  ibm:crisp-dm,
        author = "IBM",
        title = "Conceptos básicos de ayuda de CRISP-DM",
        year = "2021",
        url = "https://www.ibm.com/docs/es/spss-modeler/saas?topic=dm-crisp-help-overview",
        note = "\url{https://www.ibm.com/docs/es/spss-modeler/saas?topic=dm-crisp-help-overview}. [Internet; Última actualización: 17-08-2021]"
}

@misc{  kaggle:1,
        author = "DIMITREOLIVEIRA",
        title = "Deep Learning for Time Series Forecasting",
        year = "2019",
        url = "https://www.kaggle.com/code/dimitreoliveira/deep-learning-for-time-series-forecasting",
        note = "\url{https://www.kaggle.com/code/dimitreoliveira/deep-learning-for-time-series-forecasting}. [Internet; Kaggle]"
}

@misc{  kaggle:2,
        author = "ROB MULLA",
        title = "[Tutorial] Time Series forecasting with XGBoost",
        year = "2018",
        url = "https://www.kaggle.com/code/robikscube/tutorial-time-series-forecasting-with-xgboost",
        note = "\url{https://www.kaggle.com/code/robikscube/tutorial-time-series-forecasting-with-xgboost}. [Internet; Kaggle]"
}

@misc{  kaggle:3,
        author = "ROB MULLA",
        title = "Time Series forecasting with Prophet",
        year = "2020",
        url = "https://www.kaggle.com/code/robikscube/time-series-forecasting-with-prophet",
        note = "\url{https://www.kaggle.com/code/robikscube/time-series-forecasting-with-prophet}. [Internet; Kaggle]"
}

@misc{  kaggle:4,
        author = "LEONIE",
        title = "Intro to Time Series Forecasting",
        year = "2022",
        url = "https://www.kaggle.com/code/iamleonie/intro-to-time-series-forecasting",
        note = "\url{https://www.kaggle.com/code/iamleonie/intro-to-time-series-forecasting}. [Internet; Kaggle]"
}

@misc{  keras:tutorial,
        author = "Prabhanshu Attri and Yashika Sharma and Kristi Takach and Falak Shah",
        title = "Timeseries forecasting for weather prediction",
        year = "2020",
        url = "https://keras.io/examples/timeseries/timeseries_weather_forecasting/",
        note = "\url{https://keras.io/examples/timeseries/timeseries_weather_forecasting/}. [Internet; Última actualización 20-07-2020]"
}

@misc{  amazon:datamining,
        author = "Amazon",
        title = "What Is Data Mining?",
        url = "https://aws.amazon.com/what-is/data-mining/",
        note = "\url{https://aws.amazon.com/what-is/data-mining/}. [Internet]"        
}

@misc{  adam,
        author = "Luis Velasco",
        title = "Optimizadores en redes neuronales profundas: un enfoque práctico",
        url = "https://velascoluis.medium.com/optimizadores-en-redes-neuronales-profundas-un-enfoque-práctico-819b39a3eb5",
        note = "\url{https://velascoluis.medium.com/optimizadores-en-redes-neuronales-profundas-un-enfoque-práctico-819b39a3eb5}. [Internet]"
}

@misc{  tensorflow:tutorial,
        author = "TensorFlow",
        title = "Time series forecasting",
        url = "https://www.tensorflow.org/tutorials/structured_data/time_series",
        note = "\url{https://www.tensorflow.org/tutorials/structured_data/time_series}. [Internet]"
}

@misc{  datawindowing,
        author = "Albert Um",
        title = "Preprocessing time series to windowed datasets",
        url = "https://albertum.medium.com/preprocessing-time-series-to-windowed-datasets-a464799b1df7",
        note = "\url{https://albertum.medium.com/preprocessing-time-series-to-windowed-datasets-a464799b1df7}. [Internet]"
}

@misc{  github:repo,
        author = "Junhao Zhou",
        title  = "\texttt{GII\_O\_MA\_22.07}",
        url = "https://github.com/jzx1003/GII_O_MA_22.07",
        note = "\url{https://github.com/jzx1003/GII_O_MA_22.07}. [Internet; Repositorio]"
}

@misc{  python,
        author = "Python",
        title = "Python",
        url = "https://www.python.org",
        note = "\url{https://www.python.org}. [Internet; página oficial]"
}

@misc{  jupyter,
        author = "Jupyter Notebook",
        title = "Jupyter Notebook",
        url = "https://jupyter.org",
        note = "\url{https://jupyter.org}. [Internet; página oficial]"
}

@misc{  vscode,
        author = "Visual Studio Code",
        title = "Visual Sudio Code",
        url = "https://code.visualstudio.com",
        note = "\url{https://code.visualstudio.com}. [Internet; página oficial]"
}

@misc{  matlab,
        author = "MATLAB",
        title = "MATLAB",
        url = "https://es.mathworks.com/products/matlab.html",
        note = "\url{https://es.mathworks.com/products/matlab.html}. [Internet; página oficial]"
}

@misc{  plt,
        author = "Matplotlib",
        title = "Matplotlib",
        url = "https://matplotlib.org",
        note = "\url{https://matplotlib.org}. [Internet; página oficial]"
}

@misc{  seaborn,
        author = "seaborn",
        title = "seaborn",
        url = "https://seaborn.pydata.org",
        note = "\url{https://seaborn.pydata.org}. [Internet; página oficial]"
}

@misc{  numpy,
        author = "Numpy",
        title = "Numpy",
        url = "https://numpy.org",
        note = "\url{https://numpy.org}. [Internet; página oficial]"
}

@misc{  pandas,
        author = "Pandas",
        title = "Pandas",
        url = "https://pandas.pydata.org",
        note = "\url{https://pandas.pydata.org}. [Internet; página oficial]"
}

@misc{  tensorflow,
        author = "TensorFlow",
        title = "TensorFlow",
        url = "https://www.tensorflow.org",
        note = "\url{https://www.tensorflow.org}. [Internet; página oficial]"
}

@misc{  pytorch,
        author = "PyTorch",
        title = "PyTorch",
        url = "https://pytorch.org",
        note = "\url{https://pytorch.org}. [Internet; página oficial]"
}

@misc{  sklearn,
        author = "Scikit-learn",
        title = "Scikit-learn",
        url = "https://scikit-learn.org/stable/",
        note = "\url{https://scikit-learn.org/stable/}. [Internet; página oficial]"
}

@misc{  openweathermap,
        author = "OpenWeatherMap",
        title = "OpenWeatherMap",
        url = "https://openweathermap.org",
        note = "\url{https://openweathermap.org}. [Internet; página oficial]"
}

@misc{  weatherbit,
        author = "Weatherbit",
        title = "Weatherbit",
        url = "https://www.weatherbit.io",
        note = "\url{https://www.weatherbit.io}. [Internet; página oficial]"
}

@misc{  agile,
        author = "Zendesk",
        title = "¿Qué es la metodología ágil y cuáles son las más utilizadas?",
        url = "https://www.zendesk.com.mx/blog/metodologia-agil-que-es/",
        note = "\url{https://www.zendesk.com.mx/blog/metodologia-agil-que-es/}. [Internet]"
}

@misc{  wnb,
        author = "Weights \& Biases",
        title = "Weights \& Biases",
        url = "https://wandb.ai/site",
        note = "\url{https://wandb.ai/site}. [Internet; página oficial]"
}

@misc{  preprocesamiento,
        author = "PowerData",
        title = "Calidad de datos en minería de datos a través del preprocesamiento",
        url = "https://blog.powerdata.es/el-valor-de-la-gestion-de-datos/calidad-de-datos-en-mineria-de-datos-a-traves-del-preprocesamiento",
        note = "\url{https://blog.powerdata.es/el-valor-de-la-gestion-de-datos/calidad-de-datos-en-mineria-de-datos-a-traves-del-preprocesamiento}. [Internet]"
}

@misc{  normalización:estandar,
        author = "Wikipedia",
        title = "Standard score",
        url = "https://en.wikipedia.org/wiki/Standard_score",
        note = "\url{https://en.wikipedia.org/wiki/Standard_score}. [Internet]"
}

@misc{  normalización:minmax,
        author = "Wikipedia",
        title = "Feature scaling",
        url = "https://en.wikipedia.org/wiki/Feature_scaling",
        note = "\url{https://en.wikipedia.org/wiki/Feature_scaling}. [Internet]"
}

@misc{  cnn,
        author = "IBM",
        title = "Redes neuronales convolucionales",
        url = "https://www.ibm.com/es-es/topics/convolutional-neural-networks",
        note = "\url{https://www.ibm.com/es-es/topics/convolutional-neural-networks}. [Internet]"
}

@misc{  imagen:reduccion,
        author = "Imran Ali",
        title = "Pooling layer operation aproaches",
        url = "https://www.researchgate.net/figure/Pooling-layer-operation-oproaches-1-Pooling-layers-For-the-function-of-decreasing-the_fig4_340812216",
        note = "\url{https://www.researchgate.net/figure/Pooling-layer-operation-oproaches-1-Pooling-layers-For-the-function-of-decreasing-the_fig4_340812216}. [Internet]"
}

@misc{  imagen:crisp,
        author = "IBM",
        title = "crisp process",
        url = "https://www.ibm.com/docs/es/SS3RA7_sub/modeler_crispdm_ddita/clementine/images/crisp_process.jpg",
        note = "\url{https://www.ibm.com/docs/es/SS3RA7_sub/modeler_crispdm_ddita/clementine/images/crisp_process.jpg}. [Internet]"
}

@misc{  lstm,
        author = "Christopher Olah",
        title = "Understanding LSTM Networks",
        url = "http://colah.github.io/posts/2015-08-Understanding-LSTMs/",
        note = "\url{http://colah.github.io/posts/2015-08-Understanding-LSTMs/}. [Internet]"
}

@misc{  imagen:data-windowing,
        author = "TensorFlow",
        title = "\texttt{raw\_window\_1h}",
        url = "https://www.tensorflow.org/static/tutorials/structured_data/images/raw_window_1h.png",
        note = "\url{https://www.tensorflow.org/static/tutorials/structured_data/images/raw_window_1h.png}. [Internet]"
}