@book{koza92,
		author    = "Koza, John R.",
		title     = "Genetic Programming: On the Programming of Computers by Means of Natural Selection",
		publisher = "MIT Press",
		year      = "1992"
}


@misc{ wiki:latex,
       author = "Wikipedia",
       title = "LaTeX --- Wikipedia{,} La enciclopedia libre",
       year = "2015",
       url = "https://es.wikipedia.org/w/index.php?title=LaTeX&oldid=84209252",
       note = "[Internet; descargado 30-septiembre-2015]"
}

@misc{  adam,
        author = "Luis Velasco",
        title = "Optimizadores en redes neuronales profundas: un enfoque práctico",
        url = "https://velascoluis.medium.com/optimizadores-en-redes-neuronales-profundas-un-enfoque-práctico-819b39a3eb5",
        note = "\url{https://velascoluis.medium.com/optimizadores-en-redes-neuronales-profundas-un-enfoque-práctico-819b39a3eb5}. [Internet]"
}

@misc{  pizarra,
        author = "aprendearquitecturasoftware",
        title = "Patrón Pizarra (Blackboard)",
        url = "https://aprendearquitecturasoftware.wordpress.com/2018/10/05/patron-pizarra-blackboard-grupo-8/",
        note = "\url{https://aprendearquitecturasoftware.wordpress.com/2018/10/05/patron-pizarra-blackboard-grupo-8/}. [Internet]"
}

@misc{  git,
        author = "Git",
        title = "Git",
        url = "https://git-scm.com",
        note = "\url{https://git-scm.com}. [Internet]"
}

@misc{  vscode,
        author = "Visual Studio Code",
        title = "Visual Sudio Code",
        url = "https://code.visualstudio.com",
        note = "\url{https://code.visualstudio.com}. [Internet; página oficial]"
}

@misc{  anaconda,
        author = "Anaconda",
        title = "Anaconda",
        url = "https://www.anaconda.com",
        note = "\url{https://www.anaconda.com}. [Internet]"
}

@misc{  github:repo,
        author = "Junhao Zhou",
        title  = "\texttt{GII\_O\_MA\_22.07}",
        url = "https://github.com/jzx1003/GII_O_MA_22.07",
        note = "\url{https://github.com/jzx1003/GII_O_MA_22.07}. [Internet; Repositorio]"
}

@misc{  salario:junior,
        author = "Jobted",
        title = "Sueldos para Programador Junior",
        url = "https://www.jobted.es/salario/programador",
        note = "\url{https://www.jobted.es/salario/programador}. [Internet]"
}

@misc{  salario:owner,
        author = "glassdoor",
        title = "Sueldos para Product Owner en España",
        url = "https://www.glassdoor.es/Sueldos/product-owner-sueldo-SRCH_KO0,13.htm",
        note = "\url{https://www.glassdoor.es/Sueldos/product-owner-sueldo-SRCH_KO0,13.htm}. [Internet]"
}

@misc{  salario:master,
        author = "glassdoor",
        title = "glassdoow",
        url = "https://www.glassdoor.es/Sueldos/scrum-master-sueldo-SRCH_KO0,12.htm",
        note = "\url{https://www.glassdoor.es/Sueldos/scrum-master-sueldo-SRCH_KO0,12.htm}. [Internet]"
}

@misc{  licencia:OpenWeather,
        author = "OpenWeatherMap",
        title = "OpenWeather end-user License Agreement",
        url = "https://openweathermap.org/storage/app/media/ow_end_user_license.pdf",
        note = "\url{https://openweathermap.org/storage/app/media/ow_end_user_license.pdf}. [Internet]"
}